@misc{Wiering00,
    author = {Marco Wiering},
    title = {Multi-agent reinforcement learning for traffic light control},
    year = {2000}
}

@misc{cpp,
 title = {Standard C++},
 author = {Standard C++ Foundation},
 year = {2016},
 howpublished={\url{https://isocpp.org}}
}

@misc{qt,
 title = {Qt},
 author = {The Qt Company},
 year = {2016},
 howpublished = {\url{https://www.qt.io}}
}